<?xml version="1.0" encoding="UTF-8"?><record xmlns="http://www.loc.gov/MARC21/slim" xmlns:cinclude="http://apache.org/cocoon/include/1.0" xmlns:zs="http://www.loc.gov/zing/srw/">
  <leader>00458nz  a2200133n  4500</leader>
  <controlfield tag="001">no2011020250</controlfield>
  <controlfield tag="003">DLC</controlfield>
  <controlfield tag="005">20110210075228.0</controlfield>
  <controlfield tag="008">110208n| acannaabn          |n aaa     c</controlfield>
  <datafield tag="010" ind1=" " ind2=" ">
    <subfield code="a">no2011020250</subfield>
  </datafield>
  <datafield tag="035" ind1=" " ind2=" ">
    <subfield code="a">(OCoLC)oca08762224</subfield>
  </datafield>
  <datafield tag="040" ind1=" " ind2=" ">
    <subfield code="a">AzTeS</subfield>
    <subfield code="b">eng</subfield>
    <subfield code="c">AzTeS</subfield>
  </datafield>
  <datafield tag="100" ind1="1" ind2=" ">
    <subfield code="a">Fleck, Jacob A.</subfield>
  </datafield>
  <datafield tag="670" ind1=" " ind2=" ">
    <subfield code="a">The effects of sediment and mercury mobilization in the South Yuba River and Humbug Creek confluence area, Nevada County, California, 2011:</subfield>
    <subfield code="b">t.p. (Jacob A. Fleck)</subfield>
  </datafield>
</record>